
@article{AmosK17,
  author    = {Brandon Amos and
               J. Zico Kolter},
  title     = {OptNet: Differentiable Optimization as a Layer in Neural Networks},
  journal   = {CoRR},
  volume    = {abs/1703.00443},
  year      = {2017},
  url       = {http://arxiv.org/abs/1703.00443},
  archivePrefix = {arXiv},
  eprint    = {1703.00443},
  timestamp = {Wed, 07 Jun 2017 14:42:34 +0200},
  biburl    = {http://dblp.org/rec/bib/journals/corr/AmosK17},
  bibsource = {dblp computer science bibliography, http://dblp.org}
}

@article{Lee17,
  author    = {Kisuk Lee and
               Jonathan Zung and
               Peter Li and
               Viren Jain and
               H. Sebastian Seung},
  title     = {Superhuman Accuracy on the {SNEMI3D} Connectomics Challenge},
  journal   = {CoRR},
  volume    = {abs/1706.00120},
  year      = {2017},
  url       = {http://arxiv.org/abs/1706.00120},
  archivePrefix = {arXiv},
  eprint    = {1706.00120},
  timestamp = {Mon, 03 Jul 2017 13:29:02 +0200},
  biburl    = {https://dblp.org/rec/bib/journals/corr/LeeZLJS17},
  bibsource = {dblp computer science bibliography, https://dblp.org}
}

@inproceedings{Cut13,
  title={Sinkhorn distances: Lightspeed computation of optimal transport},
  author={Cuturi, Marco},
  booktitle={Advances in neural information processing systems},
  pages={2292--2300},
  year={2013}
}


@article{Sink67,
  title={Diagonal equivalence to matrices with prescribed row and column sums},
  author={Sinkhorn, Richard},
  journal={The American Mathematical Monthly},
  volume={74},
  number={4},
  pages={402--405},
  year={1967},
  publisher={JSTOR}
}

@inproceedings{zha08,
  title={Global data association for multi-object tracking using network flows},
  author={Zhang, Li and Li, Yuan and Nevatia, Ramakant},
  booktitle={Computer Vision and Pattern Recognition, 2008. CVPR 2008. IEEE Conference on},
  pages={1--8},
  year={2008},
  organization={IEEE}
}


@article{sch17,
  title={Deep Network Flow for Multi-Object Tracking},
  author={Schulter, Samuel and Vernaza, Paul and Choi, Wongun and Chandraker, Manmohan},
  journal={arXiv preprint arXiv:1706.08482},
  year={2017}
}

@inproceedings{lenz15,
  title={FollowMe: Efficient online min-cost flow tracking with bounded memory and computation},
  author={Lenz, Philip and Geiger, Andreas and Urtasun, Raquel},
  booktitle={Proceedings of the IEEE International Conference on Computer Vision},
  pages={4364--4372},
  year={2015}
}

@article{ber11,
  title={Multiple object tracking using k-shortest paths optimization},
  author={Berclaz, Jerome and Fleuret, Francois and Turetken, Engin and Fua, Pascal},
  journal={IEEE transactions on pattern analysis and machine intelligence},
  volume={33},
  number={9},
  pages={1806--1819},
  year={2011},
  publisher={IEEE}
}

@inproceedings{ochs15,
  title={Bilevel optimization with nonsmooth lower level problems},
  author={Ochs, Peter and Ranftl, Ren{\'e} and Brox, Thomas and Pock, Thomas},
  booktitle={International Conference on Scale Space and Variational Methods in Computer Vision},
  pages={654--665},
  year={2015},
  organization={Springer}
}








