
@article{AmosK17,
  author    = {Brandon Amos and
               J. Zico Kolter},
  title     = {OptNet: Differentiable Optimization as a Layer in Neural Networks},
  journal   = {CoRR},
  volume    = {abs/1703.00443},
  year      = {2017},
  url       = {http://arxiv.org/abs/1703.00443},
  archivePrefix = {arXiv},
  eprint    = {1703.00443},
  timestamp = {Wed, 07 Jun 2017 14:42:34 +0200},
  biburl    = {http://dblp.org/rec/bib/journals/corr/AmosK17},
  bibsource = {dblp computer science bibliography, http://dblp.org}
}

@article{Lee17,
  author    = {Kisuk Lee and
               Jonathan Zung and
               Peter Li and
               Viren Jain and
               H. Sebastian Seung},
  title     = {Superhuman Accuracy on the {SNEMI3D} Connectomics Challenge},
  journal   = {CoRR},
  volume    = {abs/1706.00120},
  year      = {2017},
  url       = {http://arxiv.org/abs/1706.00120},
  archivePrefix = {arXiv},
  eprint    = {1706.00120},
  timestamp = {Mon, 03 Jul 2017 13:29:02 +0200},
  biburl    = {https://dblp.org/rec/bib/journals/corr/LeeZLJS17},
  bibsource = {dblp computer science bibliography, https://dblp.org}
}

@inproceedings{Cut13,
  title={Sinkhorn distances: Lightspeed computation of optimal transport},
  author={Cuturi, Marco},
  booktitle={Advances in neural information processing systems},
  pages={2292--2300},
  year={2013}
}


@article{Sink67,
  title={Diagonal equivalence to matrices with prescribed row and column sums},
  author={Sinkhorn, Richard},
  journal={The American Mathematical Monthly},
  volume={74},
  number={4},
  pages={402--405},
  year={1967},
  publisher={JSTOR}
}


